<?xml version="1.0" encoding="UTF-8"?><collection xmlns="http://www.loc.gov/MARC21/slim"><record><leader>00471nam--2200169-i-4500</leader><controlfield tag="001">000000020</controlfield><controlfield tag="002">20161230</controlfield><controlfield tag="005">20170117112756</controlfield><controlfield tag="008">060222s1000------------r-----000-0-eng-d</controlfield><datafield ind1=" " ind2=" " tag="040"><subfield code="a">IFIN-HH</subfield></datafield><datafield ind1=" " ind2=" " tag="080"><subfield code="a">538.97(013)</subfield></datafield><datafield ind1="1" ind2=" " tag="100"><subfield code="a">Geuzebroek, Frank Haiko</subfield></datafield><datafield ind1="1" ind2="0" tag="245"><subfield code="a">State to State Molecule-Surface Scattering</subfield><subfield code="b">Dissertation</subfield><subfield code="c">Frank Haiko Geuzebroek</subfield></datafield><datafield ind1=" " ind2=" " tag="260"><subfield code="a">Amsterdam</subfield><subfield code="b">Universitat</subfield><subfield code="c">1991</subfield></datafield><datafield ind1=" " ind2=" " tag="300"><subfield code="a">126P</subfield></datafield><datafield ind1=" " ind2=" " tag="852"><subfield code="a">79824</subfield><subfield code="c">539.2</subfield></datafield><datafield ind1=" " ind2=" " tag="CAT"><subfield code="a">SYS</subfield><subfield code="c">20170117</subfield><subfield code="h">112756</subfield></datafield></record></collection>